@BOOK{CLRS02,
 author		= {Thomas Cormen and Charles Leiserson and
		Ronald Rivest and Clifford Stein},
 title		= {{Introduction {\`a} l'algorithmique}},
 publisher	= {Dunod},
 edition	= {2{\`e}me},
 address	= {Paris},
 year		= 2002}

