@Book{KernighanRitchie1986,
  author =	 {Kernighan, Brian W. and Ritchie, Dennis M.},
  title = 	 {Le langage~{C}},
  publisher = 	 {Masson},
  year = 	 1986
}

@Book{Sedgewick2001,
  author =	 {Sedgewick, Robert},
  title = 	 {Algorithmes en langage~C. Cours et exercices},
  publisher = 	 {Dunod},
  year = 	 2001
}


@Book{Demazure1997,
  author =	 {Demazure, Michel},
  title = 	 {Cours d'alg{\`e}bre. Primalit{\'e}, divisibilit{\'e}, codes},
  publisher = 	 {Cassini},
  year = 	 1997,
  number =	 1,
  series =	 {Nouvelle biblioth{\`e}que math{\'e}matique}
}

